@manual{FW168,
	author = "Fountek",
	title = "FW168 Midwoofer Datasheet",
	year = "2017",
	note = Bilag: "FW168.pdf",
	organization = "Fountek Electronic Co. Ltd.",
	pages = "1" 
}

@online{Fountek,
	author = "Fountek Electronic Co. Ltd.",
	title = "Fountek",
	url = "https://www.fountek.net",	
	note = "Last Visited d. 24/05-2017"
}	


@inbook{Application,
	author = "Kim Bjerge", 
	title = "System Application Models",
	year = "2014",
	pages = "8-9 21 and 24-29",
	note = "Bilag: System Application Models.pdf"}
}

@book{Elektroakustik,
	author = "Tore Arne Skogberg", 
	title = "Elektroakustik",
	year = "2016",
	note = "Bilag: Elektroakustik.pdf"}
}