@manual{FW168,
	author = "Fountek",
	title = "FW168 Midwoofer Datasheet",
	year = "2017",
	note = Bilag: "FW168.pdf",
	organization = "Fountek Electronic Co. Ltd.",
	pages = "1" 
}

@online{Fountek,
	author = "Fountek Electronic Co. Ltd.",
	title = "Fountek",
	url = "https://www.fountek.net",	
	note = "Last Visited d. 24/05-2017"
}	


@inbook{Application,
	author = "Kim Bjerge", 
	title = "System Application Models",
	year = "2014",
	pages = "8-9 21 and 24-29",
	note = "Bilag: System Application Models.pdf"
}

@book{Elektroakustik,
	author = "Tore Arne Skogberg", 
	title = "Elektroakustik",
	year = "2016",
	note = "Bilag: Elektroakustik.pdf"
}

@online{Attenuation,
	title = "Attenuation Coefficients",
	url = "http://www.engineeringtoolbox.com/accoustic-sound-absorption-d_68.html",	
	note = "Last Visited d. 29/05-2017"
}

@online{ITDpic,
	title = "ITD/IID billede",
	url = "https://www.researchgate.net/figure/276472968_fig1_Figure-12-Interaural-Time-Difference-ITD-and-Interaural-Level-Difference-ILD",	
	note = "Last Visited d. 1/12-2017"
}	

@book{SpatialBook,
	author = "Jeroen Breebaart and Christof Faller", 
	title = "Spatial Audio Processing - MPEG Surround and Other Applications",
	year = "2007"}
}

@online{SOFA,
	author = "Acoustics Research Institute",
	title = "Spatially Oriented Format for Acoustics",
	url = "https://www.sofaconventions.org/mediawiki/index.php/Main_Page",	
	note = "Last Visited d. 3/12-2017"
}

@online{MIT,
	author = "MIT Media Lab",
	title = "MIT KEMAR Database",
	url = "http://sound.media.mit.edu/resources/KEMAR/",	
	note = "Last Visited d. 3/12-2017"
}

@book{AudioMetering,
	author = "Eddie Brixen", 
	title = "Audio Metering - Measurement, Standards and Practice",
	year = "2011"}
}

@misc{Lyttetest,
	author = "Lars G. Johansen",
	title = "Subjektiv Evaluering af Audiosystemer",
	year =" 2014"

}